<?xml version="1.0" encoding="UTF-8"?><collection xmlns="http://www.loc.gov/MARC21/slim"><record><leader>00633nam--2200205-u-4500</leader><controlfield tag="001">000052088</controlfield><controlfield tag="002">20161230</controlfield><controlfield tag="005">20161230201049</controlfield><controlfield tag="008">090624s1000------------r-----000-0-eng-d</controlfield><datafield ind1=" " ind2=" " tag="040"><subfield code="a">IFIN-HH</subfield></datafield><datafield ind1=" " ind2=" " tag="080"><subfield code="a">514.7</subfield></datafield><datafield ind1="1" ind2=" " tag="100"><subfield code="a">Connes,Allain and Marcolli,Matilde</subfield></datafield><datafield ind1="1" ind2=" " tag="245"><subfield code="a">Noncommutative Geometry, Quantum Fields and motives</subfield></datafield><datafield ind1=" " ind2=" " tag="260"><subfield code="a">New York</subfield><subfield code="b">Ams</subfield><subfield code="c">2008</subfield></datafield><datafield ind1=" " ind2=" " tag="300"><subfield code="a">785 p</subfield></datafield><datafield ind1=" " ind2=" " tag="490"><subfield code="a">American Mthematical Society. Colloquium Publications</subfield><subfield code="v">Vol.55</subfield></datafield><datafield ind1=" " ind2=" " tag="504"><subfield code="a">Includes Bibliographical References and Index</subfield></datafield><datafield ind1=" " ind2="4" tag="650"><subfield code="a">Noncommutative differential geometry</subfield></datafield><datafield ind1=" " ind2=" " tag="852"><subfield code="a">82229</subfield><subfield code="c">513.73</subfield></datafield><datafield ind1=" " ind2=" " tag="CAT"><subfield code="a">Sys</subfield><subfield code="c">20090624</subfield><subfield code="h">063751</subfield></datafield></record></collection>